<?xml version="1.0" encoding="UTF-8"?>
<record xmlns="http://www.loc.gov/MARC21/slim" xmlns:xsi="http://www.w3.org/2001/XMLSchema-instance" xsi:schemaLocation="http://www.loc.gov/MARC21/slim http://www.loc.gov/standards/marcxml/schema/MARC21slim.xsd">
<leader>00000cam a22      a 4500</leader>
<controlfield tag="001">001677210</controlfield>
<controlfield tag="003">NNU</controlfield>
<controlfield tag="005">20150605171735.0</controlfield>
<controlfield tag="008">011031s1909    tu            000 0 ara d</controlfield>
<datafield tag="035" ind1=" " ind2=" ">
<subfield code="a">(OCoLC)122869030</subfield>
</datafield>
<datafield tag="040" ind1=" " ind2=" ">
<subfield code="a">NjP</subfield>
<subfield code="b">eng</subfield>
<subfield code="c">EQO</subfield>
<subfield code="d">OCLCG</subfield>
<subfield code="d">NYP</subfield>
<subfield code="d">OCLCA</subfield>
<subfield code="d">OCLCQ</subfield>
<subfield code="d">OCLCF</subfield>
<subfield code="d">OCLCO</subfield>
<subfield code="d">NNU</subfield>
</datafield>
<datafield tag="050" ind1=" " ind2="4">
<subfield code="a">BP135.I22383</subfield>
<subfield code="b">Q27 1909</subfield>
</datafield>
<datafield tag="100" ind1="1" ind2=" ">
<subfield code="6">880-01</subfield>
<subfield code="a">Qārī al-Harawī, ʻAlī ibn Sulṭān Muḥammad,</subfield>
<subfield code="d">-1605 or 1606.</subfield>
</datafield>
<datafield tag="240" ind1="1" ind2="0">
<subfield code="6">880-02</subfield>
<subfield code="a">Sharḥ Nukhbat al-fikar</subfield>
</datafield>
<datafield tag="245" ind1="1" ind2="0">
<subfield code="6">880-03</subfield>
<subfield code="a">ʻAlī al-Qārī ʻalá Sharḥ Nukhbat al-fikar fī muṣṭalaḥāt ahl al-athar fī uṣūl al-ḥadīth /</subfield>
<subfield code="c">ʻAlī bin Sulṭān Muḥammad al-Harawī al-Qārī.</subfield>
</datafield>
<datafield tag="260" ind1=" " ind2=" ">
<subfield code="6">880-04</subfield>
<subfield code="a">Istānbūl :</subfield>
<subfield code="b">Maṭbaʻat Akhwat,</subfield>
<subfield code="c">1327 [1909]</subfield>
</datafield>
<datafield tag="300" ind1=" " ind2=" ">
<subfield code="a">269 pages ;</subfield>
<subfield code="c">25 cm</subfield>
</datafield>
<datafield tag="336" ind1=" " ind2=" ">
<subfield code="a">text</subfield>
<subfield code="b">txt</subfield>
<subfield code="2">rdacontent</subfield>
</datafield>
<datafield tag="337" ind1=" " ind2=" ">
<subfield code="a">unmediated</subfield>
<subfield code="b">n</subfield>
<subfield code="2">rdamedia</subfield>
</datafield>
<datafield tag="338" ind1=" " ind2=" ">
<subfield code="a">volume</subfield>
<subfield code="b">nc</subfield>
<subfield code="2">rdacarrier</subfield>
</datafield>
<datafield tag="600" ind1="1" ind2="0">
<subfield code="6">880-05</subfield>
<subfield code="a">Ibn Ḥajar al-ʻAsqalānī, Aḥmad ibn ʻAlī,</subfield>
<subfield code="d">1372-1449.</subfield>
<subfield code="t">Nukhbat al-fikar fī muṣṭalaḥ ahl al-athar.</subfield>
</datafield>
<datafield tag="650" ind1=" " ind2="0">
<subfield code="a">Hadith</subfield>
<subfield code="v">Terminology</subfield>
<subfield code="v">Early works to 1800.</subfield>
</datafield>
<datafield tag="630" ind1="0" ind2="7">
<subfield code="a">Nukhbat al-fikar fī muṣṭalaḥ ahl al-athar (Ibn Ḥajar al-ʻAsqalānī, Aḥmad ibn ʻAlī)</subfield>
<subfield code="2">fast</subfield>
<subfield code="0">(OCoLC)fst01372699</subfield>
</datafield>
<datafield tag="650" ind1=" " ind2="7">
<subfield code="a">Hadith.</subfield>
<subfield code="2">fast</subfield>
<subfield code="0">(OCoLC)fst00950112</subfield>
</datafield>
<datafield tag="655" ind1=" " ind2="7">
<subfield code="a">Early works.</subfield>
<subfield code="2">fast</subfield>
<subfield code="0">(OCoLC)fst01411636</subfield>
</datafield>
<datafield tag="655" ind1=" " ind2="7">
<subfield code="a">Terminology.</subfield>
<subfield code="2">fast</subfield>
<subfield code="0">(OCoLC)fst01423880</subfield>
</datafield>
<datafield tag="880" ind1="1" ind2=" ">
<subfield code="6">100-01/</subfield>
<subfield code="a">قارى الهروي، علي بن سلطان محمد،</subfield>
<subfield code="d">-1605 or 1606.</subfield>
</datafield>
<datafield tag="880" ind1="1" ind2="0">
<subfield code="6">240-02/</subfield>
<subfield code="a">شرح نخبة الفكر</subfield>
</datafield>
<datafield tag="880" ind1="1" ind2="0">
<subfield code="6">245-03/</subfield>
<subfield code="a">علي القاري على شرح نخبة الفكر في مصطلحات أهل الأثر في أصول الحديث /</subfield>
<subfield code="c">علي بن سلطان محمد الهروي القاري.</subfield>
</datafield>
<datafield tag="880" ind1=" " ind2=" ">
<subfield code="6">260-04/</subfield>
<subfield code="a">استانبول :</subfield>
<subfield code="b">مطبعة اخوت،</subfield>
<subfield code="c">١٣٢٧ [١٩٠٩]</subfield>
</datafield>
<datafield tag="880" ind1="1" ind2="4">
<subfield code="6">600-05/</subfield>
<subfield code="a">ابن حجر العسقلاني، أحمد بن علي.</subfield>
<subfield code="t">نخبة الفكر في مصطلح أهل الأثر.</subfield>
</datafield>
<datafield tag="OWN" ind1=" " ind2=" ">
<subfield code="a">GENERAL</subfield>
</datafield>
<datafield tag="AVA" ind1=" " ind2=" ">
<subfield code="a">NYU50</subfield>
<subfield code="b">BOBST</subfield>
<subfield code="c">Main Collection</subfield>
<subfield code="d">BP135.I22383 Q27 1909</subfield>
<subfield code="e">unavailable</subfield>
<subfield code="t">Unavailable</subfield>
<subfield code="f">1</subfield>
<subfield code="g">1</subfield>
<subfield code="h">N</subfield>
<subfield code="i">0</subfield>
<subfield code="j">MAIN</subfield>
<subfield code="k">0</subfield>
</datafield>
</record>
